<record><leader>00000cas a2200000 i 4500</leader><controlfield tag="001">908454610</controlfield><controlfield tag="006">m     o  d        </controlfield><controlfield tag="007">cr |||||||||||</controlfield><controlfield tag="008">150506d19111912nmudn neo     0   a0eng  </controlfield><datafield ind1=" " ind2=" " tag="010"><subfield code="a">  2015218751</subfield></datafield><datafield ind1=" " ind2=" " tag="040"><subfield code="a">DLC</subfield><subfield code="b">eng</subfield><subfield code="e">rda</subfield><subfield code="c">DLC</subfield><subfield code="d">DLC</subfield></datafield><datafield ind1="0" ind2=" " tag="022"><subfield code="a">2379-0172</subfield><subfield code="2">1</subfield></datafield><datafield ind1="1" ind2=" " tag="029"><subfield code="a">NZ1</subfield><subfield code="b">16176404</subfield></datafield><datafield ind1=" " ind2=" " tag="042"><subfield code="a">pcc</subfield><subfield code="a">nsdp</subfield></datafield><datafield ind1=" " ind2=" " tag="043"><subfield code="a">n-us-nm</subfield></datafield><datafield ind1="1" ind2="0" tag="050"><subfield code="a">ISSN RECORD</subfield></datafield><datafield ind1="0" ind2="0" tag="082"><subfield code="a">071</subfield><subfield code="2">23</subfield></datafield><datafield ind1="0" ind2=" " tag="130"><subfield code="a">Morning news (Estancia, N.M.)</subfield></datafield><datafield ind1=" " ind2="4" tag="222"><subfield code="a">The morning news</subfield><subfield code="b">(Estancia, N.M. Online)</subfield></datafield><datafield ind1="1" ind2="4" tag="245"><subfield code="a">The morning news.</subfield></datafield><datafield ind1=" " ind2="1" tag="264"><subfield code="a">Estancia, New Mexico :</subfield><subfield code="b">P. A. Speckmann</subfield></datafield><datafield ind1=" " ind2=" " tag="300"><subfield code="a">1 online resource</subfield></datafield><datafield ind1=" " ind2=" " tag="310"><subfield code="a">Daily (except Mon.)</subfield></datafield><datafield ind1=" " ind2=" " tag="336"><subfield code="a">text</subfield><subfield code="b">txt</subfield><subfield code="2">rdacontent</subfield></datafield><datafield ind1=" " ind2=" " tag="337"><subfield code="a">computer</subfield><subfield code="b">c</subfield><subfield code="2">rdamedia</subfield></datafield><datafield ind1=" " ind2=" " tag="338"><subfield code="a">online resource</subfield><subfield code="b">cr</subfield><subfield code="2">rdacarrier</subfield></datafield><datafield ind1="1" ind2=" " tag="362"><subfield code="a">Began April 3, 1911; ceased in 1912.</subfield></datafield><datafield ind1=" " ind2=" " tag="546"><subfield code="a">Text in English and Spanish.</subfield></datafield><datafield ind1=" " ind2=" " tag="580"><subfield code="a">Weekly ed.: Estancia news, &lt;1911&gt;-1912.</subfield></datafield><datafield ind1=" " ind2=" " tag="588"><subfield code="a">Description based on: Volume I, no. 2 (April 4, 1911); title from masthead (Chroniclingamerica.loc.gov, viewed May 6, 2015).</subfield></datafield><datafield ind1=" " ind2=" " tag="588"><subfield code="a">Latest issue consulted: Volume I, no. 240 (January 14, 1912) (Chroniclingamerica.loc.gov, viewed May 6, 2015).</subfield></datafield><datafield ind1=" " ind2="0" tag="651"><subfield code="a">Estancia (N.M.)</subfield><subfield code="v">Newspapers.</subfield></datafield><datafield ind1=" " ind2="0" tag="651"><subfield code="a">Torrance County (N.M.)</subfield><subfield code="v">Newspapers.</subfield></datafield><datafield ind1=" " ind2="7" tag="651"><subfield code="a">New Mexico</subfield><subfield code="z">Estancia.</subfield><subfield code="2">fast</subfield><subfield code="0">(OCoLC)fst01877846</subfield></datafield><datafield ind1=" " ind2="7" tag="651"><subfield code="a">New Mexico</subfield><subfield code="z">Torrance County.</subfield><subfield code="2">fast</subfield><subfield code="0">(OCoLC)fst01221451</subfield></datafield><datafield ind1=" " ind2="7" tag="655"><subfield code="a">Newspapers.</subfield><subfield code="2">fast</subfield><subfield code="0">(OCoLC)fst01423814</subfield></datafield><datafield ind1=" " ind2=" " tag="752"><subfield code="a">United States</subfield><subfield code="b">New Mexico</subfield><subfield code="c">Torrance</subfield><subfield code="d">Estancia.</subfield></datafield><datafield ind1="1" ind2=" " tag="775"><subfield code="t">Estancia news</subfield><subfield code="x">2379-0040</subfield><subfield code="w">(DLC)  2015218699</subfield><subfield code="w">(OCoLC)908450139</subfield></datafield><datafield ind1="0" ind2="8" tag="776"><subfield code="i">Originally issued in print:</subfield><subfield code="t">Morning news (Estancia, N.M.)</subfield><subfield code="x">2379-0164</subfield><subfield code="w">(DLC)sn 92070567</subfield><subfield code="w">(OCoLC)26868111</subfield></datafield><datafield ind1="0" ind2="0" tag="785"><subfield code="t">Daily news (Estancia, N.M.)</subfield></datafield><datafield ind1="4" ind2="0" tag="856"><subfield code="u">http://www.loc.gov/chroniclingamerica/lccn/sn92070567/issues</subfield></datafield></record>